<collection xmlns="http://www.loc.gov/MARC21/slim">
<record>
  <leader>00874nam0a2200217 i 450 </leader>
  <controlfield tag="001">IT\ICCU\CNCE\001501</controlfield>
  <controlfield tag="005">20040624000000.0</controlfield>
  <datafield tag="012" ind1=" " ind2=" ">
    <subfield code="a">alia onu- lae. a-de (C) 1580 (Q)</subfield>
    <subfield code="2">fei</subfield>
  </datafield>
  <datafield tag="100" ind1=" " ind2=" ">
    <subfield code="a">19970101f1580        0itac0103    ba</subfield>
  </datafield>
  <datafield tag="101" ind1=" " ind2=" ">
    <subfield code="a">ITA</subfield>
  </datafield>
  <datafield tag="102" ind1=" " ind2=" ">
    <subfield code="a">IT</subfield>
  </datafield>
  <datafield tag="200" ind1="1" ind2=" ">
    <subfield code="a">Pronostico spiritualle de f. Ambrogio bresciano dell&apos;ordine de&apos; Serui. Doue s&apos;intende tutto ci ̣che con astronomica scienza dell&apos;anno MDLXXXI i pronostichisti trattano</subfield>
  </datafield>
  <datafield tag="210" ind1=" " ind2=" ">
    <subfield code="a">Stampato in Verona. Et ristampato in Padoa</subfield>
    <subfield code="d">\1580?!</subfield>
  </datafield>
  <datafield tag="215" ind1=" " ind2=" ">
    <subfield code="a">\4! c.</subfield>
    <subfield code="d">4ʻ</subfield>
  </datafield>
  <datafield tag="300" ind1=" " ind2=" ">
    <subfield code="a">La data si ricava dal titolo</subfield>
  </datafield>
  <datafield tag="620" ind1=" " ind2=" ">
    <subfield code="a">IT</subfield>
    <subfield code="d">Padova</subfield>
  </datafield>
  <datafield tag="700" ind1=" " ind2="0">
    <subfield code="a">Ambrogio</subfield>
    <subfield code="c"> : da#Brescia</subfield>
    <subfield code="3">IT\ICCU\CNCA\000656</subfield>
  </datafield>
  <datafield tag="712" ind1="0" ind2="2">
    <subfield code="a">s.n.</subfield>
    <subfield code="3">IT\ICCU\CNCT\000002</subfield>
    <subfield code="4">650</subfield>
  </datafield>
  <datafield tag="801" ind1=" " ind2="3">
    <subfield code="a">IT</subfield>
    <subfield code="b">ICCU</subfield>
    <subfield code="c">20201113</subfield>
  </datafield>
  <datafield tag="899" ind1=" " ind2=" ">
    <subfield code="a">Biblioteca comunale Augusta. Perugia</subfield>
    <subfield code="1">PG0109</subfield>
    <subfield code="2">UM1 01</subfield>
  </datafield>
  <datafield tag="899" ind1=" " ind2=" ">
    <subfield code="a">Biblioteca Archivio Museo. Bassano del Grappa</subfield>
    <subfield code="1">VI0005</subfield>
    <subfield code="2">VIA BA</subfield>
  </datafield>
</record>
</collection>
